<?xml version="1.0" encoding="UTF-8"?><collection xmlns="http://www.loc.gov/MARC21/slim"><record><leader>00353nam--2200133-i-4500</leader><controlfield tag="001">000040463</controlfield><controlfield tag="002">20161230</controlfield><controlfield tag="005">20161230201042</controlfield><controlfield tag="008">060222s1000------------r-----000-0-eng-d</controlfield><datafield ind1=" " ind2=" " tag="080"><subfield code="a">666.3/7</subfield></datafield><datafield ind1=" " ind2=" " tag="100"><subfield code="a">Ryshkewitch, Eugene</subfield></datafield><datafield ind1=" " ind2=" " tag="245"><subfield code="a">Oxide ceramics. physical chemistry and technology</subfield></datafield><datafield ind1=" " ind2=" " tag="260"><subfield code="a">New York, Acad.Press, 1960, Viii + 472p</subfield></datafield><datafield ind1=" " ind2=" " tag="852"><subfield code="a">35514</subfield></datafield></record></collection>